@book{Urzyczyn2006,
 author = {S{\o}rensen, Morten Heine and Urzyczyn, Pawel},
 title = {Lectures on the Curry-Howard Isomorphism, Volume 149 (Studies in Logic and the Foundations of Mathematics)},
 year = {2006},
 isbn = {0444520775},
 publisher = {Elsevier Science Inc.},
 address = {New York, NY, USA},
} 

@book{Hindley1986,
	year = {1986},
	publisher = {Cambridge University Press},
	author = {J. Roger Hindley},
	title = {Introduction to Combinators and [Lambda]-Calculus}
}

@inproceedings{Wadler1989,
 author = {Wadler, Philip},
 title = {Theorems for Free!},
 booktitle = {Proceedings of the Fourth International Conference on Functional Programming Languages and Computer Architecture},
 series = {FPCA '89},
 year = {1989},
 isbn = {0-89791-328-0},
 location = {Imperial College, London, United Kingdom},
 pages = {347--359},
 numpages = {13},
 url = {http://doi.acm.org/10.1145/99370.99404},
 doi = {10.1145/99370.99404},
 acmid = {99404},
 publisher = {ACM},
 address = {New York, NY, USA},
}
